
@book{jpo,
  author = {Ahto Apajalahti ja Kaj Sotala},
  title = "Jokapiraatinoikeus",
  year = "2010",
  publisher = "WSOY"
}

@misc{pamfletti,
  author = "Piraattipuolue",
  title = "{Agenda} / {Tekijänoikeus} / {Yksityinen kopiointi}",
  howpublished = "\url{http://piraattipuolue.fi/agenda/tekijanoikeus/yksityinen-kopiointi/}"
}

@misc{lehdisto1,
  author = "Piraattipuolue",
  title = "Lehdistötiedote 3.10.2011",
  howpublished = "\url{http://piraattipuolue.fi/2011/10/piraattipuolue-tuomitsee-raesaesen-puheet-nettisensuurin-laajentamisesta}"
}

@misc{lehdisto2,
  author = "Piraattipuolue",
  title = "Lehdistötiedote 26.10.2011",
  howpublished = "\url{http://piraattipuolue.fi/2011/10/the-pirate-bay-sensuuri-uhka-sananvapaudelle}"
}